@Article{Yi2007,
  author    = {Yi, Ji Soo and Kang, Youn ah and Stasko, John and Jacko, J.A.},
  journal   = {IEEE Transactions on Visualization and Computer Graphics},
  title     = {Toward a Deeper Understanding of the Role of Interaction in Information Visualization},
  year      = {2007},
  issn      = {2160-9306},
  month     = nov,
  number    = {6},
  pages     = {1224--1231},
  volume    = {13},
  doi       = {10.1109/tvcg.2007.70515},
  groups    = {Exposé},
  publisher = {Institute of Electrical and Electronics Engineers (IEEE)},
  ranking   = {rank5},
}

@Article{Chen2022,
  author    = {Chen, Qiaochu and Pailoor, Shankara and Barnaby, Celeste and Criswell, Abby and Wang, Chenglong and Durrett, Greg and Dillig, Işil},
  journal   = {Proceedings of the ACM on Programming Languages},
  title     = {Type-directed synthesis of visualizations from natural language queries},
  year      = {2022},
  issn      = {2475-1421},
  month     = oct,
  number    = {OOPSLA2},
  pages     = {532--559},
  volume    = {6},
  doi       = {10.1145/3563307},
  keywords  = {verwendet},
  publisher = {Association for Computing Machinery (ACM)},
}

@Article{Maddigan2023,
  author    = {Maddigan, Paula and Susnjak, Teo},
  journal   = {IEEE Access},
  title     = {Chat2VIS: Generating Data Visualizations via Natural Language Using ChatGPT, Codex and GPT-3 Large Language Models},
  year      = {2023},
  issn      = {2169-3536},
  pages     = {45181--45193},
  volume    = {11},
  doi       = {10.1109/access.2023.3274199},
  keywords  = {verwendet},
  publisher = {Institute of Electrical and Electronics Engineers (IEEE)},
}

@InProceedings{Stockl2022,
  author    = {Stockl, Andreas},
  booktitle = {2022 26th International Conference Information Visualisation (IV)},
  title     = {Natural Language Interface for Data Visualization with Deep Learning Based Language Models},
  year      = {2022},
  month     = jul,
  publisher = {IEEE},
  doi       = {10.1109/iv56949.2022.00031},
  keywords  = {verwendet},
}

@Article{Dibia2019,
  author    = {Dibia, Victor and Demiralp, Cagatay},
  journal   = {IEEE Computer Graphics and Applications},
  title     = {Data2Vis: Automatic Generation of Data Visualizations Using Sequence-to-Sequence Recurrent Neural Networks},
  year      = {2019},
  issn      = {1558-1756},
  month     = sep,
  number    = {5},
  pages     = {33--46},
  volume    = {39},
  doi       = {10.1109/mcg.2019.2924636},
  keywords  = {verwendet},
  publisher = {Institute of Electrical and Electronics Engineers (IEEE)},
}

@Article{Trummer2022,
  author    = {Trummer, Immanuel},
  journal   = {Proceedings of the VLDB Endowment},
  title     = {From BERT to GPT-3 codex: harnessing the potential of very large language models for data management},
  year      = {2022},
  issn      = {2150-8097},
  month     = aug,
  number    = {12},
  pages     = {3770--3773},
  volume    = {15},
  doi       = {10.14778/3554821.3554896},
  keywords  = {verwendet},
  publisher = {Association for Computing Machinery (ACM)},
}

@InProceedings{Dibia2023,
  author    = {Dibia, Victor},
  booktitle = {Proceedings of the 61st Annual Meeting of the Association for Computational Linguistics (Volume 3: System Demonstrations)},
  title     = {LIDA: A Tool for Automatic Generation of Grammar-Agnostic Visualizations and Infographics using Large Language Models},
  year      = {2023},
  publisher = {Association for Computational Linguistics},
  doi       = {10.18653/v1/2023.acl-demo.11},
}
